<?xml version="1.0" encoding="UTF-8"?><record xmlns="http://www.loc.gov/MARC21/slim" xmlns:cinclude="http://apache.org/cocoon/include/1.0" xmlns:zs="http://www.loc.gov/zing/srw/">
  <leader>00439nz  a2200145n  4500</leader>
  <controlfield tag="001">no2009002756</controlfield>
  <controlfield tag="003">DLC</controlfield>
  <controlfield tag="005">20090110082538.0</controlfield>
  <controlfield tag="008">090108n| acannaabn          |a aaa     c</controlfield>
  <datafield tag="010" ind1=" " ind2=" ">
    <subfield code="a">no2009002756</subfield>
  </datafield>
  <datafield tag="035" ind1=" " ind2=" ">
    <subfield code="a">(OCoLC)oca07980320</subfield>
  </datafield>
  <datafield tag="040" ind1=" " ind2=" ">
    <subfield code="a">NcD</subfield>
    <subfield code="b">eng</subfield>
    <subfield code="c">NcD</subfield>
  </datafield>
  <datafield tag="100" ind1="1" ind2=" ">
    <subfield code="a">Rickershauser-Carvalho, Jill,</subfield>
    <subfield code="d">1979-</subfield>
  </datafield>
  <datafield tag="400" ind1="1" ind2=" ">
    <subfield code="a">Carvalho, Jill Rickershauser-,</subfield>
    <subfield code="d">1979-</subfield>
  </datafield>
  <datafield tag="670" ind1=" " ind2=" ">
    <subfield code="a">Learning Curves, 2008</subfield>
    <subfield code="b">t.p. (Jill Rickershauser-Carvalho) vita (b. 1979)</subfield>
  </datafield>
</record>